<marc:collection xmlns:marc="http://www.loc.gov/MARC21/slim">
    <marc:record>
        <marc:leader>01253cam a2200349 c 4500</marc:leader>
        <marc:controlfield tag="005">20160622163226.0</marc:controlfield>
        <marc:controlfield tag="007">ta</marc:controlfield>
        <marc:controlfield tag="007">cr||||||||||||</marc:controlfield>
        <marc:controlfield tag="008">150710s1972    no#||||| |||||000|1|nob|d</marc:controlfield>
        <marc:controlfield tag="001">999311376164702201</marc:controlfield>
        <marc:datafield tag="020" ind1=" " ind2=" ">
            <marc:subfield code="a">8252501427</marc:subfield>
            <marc:subfield code="q">ib.</marc:subfield>
        </marc:datafield>
        <marc:datafield tag="041" ind1="1" ind2=" ">
            <marc:subfield code="a">nob</marc:subfield>
            <marc:subfield code="9">created from marc:controlfield</marc:subfield>
        </marc:datafield>
        <marc:datafield tag="082" ind1="7" ind2="4">
            <marc:subfield code="a"> 839.93</marc:subfield>
            <marc:subfield code="q">NO-OsNB</marc:subfield>
            <marc:subfield code="2">3/nor</marc:subfield>
        </marc:datafield>
        <marc:datafield tag="100" ind1="1" ind2=" ">
            <marc:subfield code="a">Hamsun, Knut</marc:subfield>
            <marc:subfield code="d">1859-1952</marc:subfield>
            <marc:subfield code="1">http://viaf.org/viaf/59083692</marc:subfield>
            <marc:subfield code="4">aut</marc:subfield>
            <marc:subfield code="1p">http://viaf.org/viaf/59083692</marc:subfield>
        </marc:datafield>
        <marc:datafield tag="240" ind1="" ind2="">
            <marc:subfield code="a">Markens grøde</marc:subfield>
            <marc:subfield code="k">Novel</marc:subfield>
            <marc:subfield code="9">from title proper</marc:subfield>
            <marc:subfield code="1w">http://viaf.org/viaf/294124367</marc:subfield>
        </marc:datafield>
        <marc:datafield tag="245" ind1="1" ind2="0">
            <marc:subfield code="a">Markens grøde</marc:subfield>
            <marc:subfield code="c">Knut Hamsun ; illustrert av Karl Erik Harr</marc:subfield>
        </marc:datafield>
        <marc:datafield tag="260" ind1=" " ind2=" ">
            <marc:subfield code="a">[Oslo]</marc:subfield>
            <marc:subfield code="b">Bokklubben</marc:subfield>
            <marc:subfield code="c">1972</marc:subfield>
        </marc:datafield>
        <marc:datafield tag="300" ind1=" " ind2=" ">
            <marc:subfield code="a">267 s.</marc:subfield>
        </marc:datafield>
        <marc:datafield tag="500" ind1=" " ind2=" ">
            <marc:subfield code="a">1. utg. Kristiania ; København : Gyldendalske Boghandel,
                1917</marc:subfield>
        </marc:datafield>
        <marc:datafield tag="500" ind1=" " ind2=" ">
            <marc:subfield code="a">Opplagshistorikk: [Nytt oppl.] 1977 (Nkr 37.00)</marc:subfield>
        </marc:datafield>
        <marc:datafield tag="506" ind1="0" ind2=" ">
            <marc:subfield code="f">Åpen tilgang</marc:subfield>
        </marc:datafield>
        <marc:datafield tag="533" ind1=" " ind2=" ">
            <marc:subfield code="a">Elektronisk reproduksjon</marc:subfield>
            <marc:subfield code="b">[Norge]</marc:subfield>
            <marc:subfield code="c">Nasjonalbiblioteket Digital</marc:subfield>
            <marc:subfield code="d">2013-03-16</marc:subfield>
        </marc:datafield>
        <marc:datafield tag="700" ind1="1" ind2=" ">
            <marc:subfield code="a">Harr, Karl Erik</marc:subfield>
            <marc:subfield code="d">1940-</marc:subfield>
            <marc:subfield code="4">ill</marc:subfield>
            <marc:subfield code="1p">http://viaf.org/viaf/14863655</marc:subfield>
        </marc:datafield>
        <marc:datafield tag="856" ind1="4" ind2="0">
            <marc:subfield code="u">http://urn.nb.no/URN:NBN:no-nb_digibok_2013010408146</marc:subfield>
            <marc:subfield code="y">NB digitalisert</marc:subfield>
            <marc:subfield code="z">Elektronisk reproduksjon. Gratis. For norske IP-adresser</marc:subfield>
            <marc:subfield code="3">Fulltekst</marc:subfield>
        </marc:datafield>
    </marc:record>
</marc:collection>